@inproceedings{NEURIPS2021_a11ce019,
 author = {Sitzmann, Vincent and Rezchikov, Semon and Freeman, Bill and Tenenbaum, Josh and Durand, Fredo},
 booktitle = {Advances in Neural Information Processing Systems},
 editor = {M. Ranzato and A. Beygelzimer and Y. Dauphin and P.S. Liang and J. Wortman Vaughan},
 pages = {19313--19325},
 publisher = {Curran Associates, Inc.},
 title = {Light Field Networks: Neural Scene Representations with Single-Evaluation Rendering},
 url = {https://proceedings.neurips.cc/paper/2021/file/a11ce019e96a4c60832eadd755a17a58-Paper.pdf},
 volume = {34},
 year = {2021}
}

@inproceedings{NEURIPS2021_25e2a30f,
 author = {Yariv, Lior and Gu, Jiatao and Kasten, Yoni and Lipman, Yaron},
 booktitle = {Advances in Neural Information Processing Systems},
 editor = {M. Ranzato and A. Beygelzimer and Y. Dauphin and P.S. Liang and J. Wortman Vaughan},
 pages = {4805--4815},
 publisher = {Curran Associates, Inc.},
 title = {Volume Rendering of Neural Implicit Surfaces},
 url = {https://proceedings.neurips.cc/paper/2021/file/25e2a30f44898b9f3e978b1786dcd85c-Paper.pdf},
 volume = {34},
 year = {2021}
}

@inproceedings{mildenhall2020nerf,
 title={NeRF: Representing Scenes as Neural Radiance Fields for View Synthesis},
 author={Ben Mildenhall and Pratul P. Srinivasan and Matthew Tancik and Jonathan T. Barron and Ravi Ramamoorthi and Ren Ng},
 year={2020},
 booktitle={ECCV},
}